<?xml version="1.0" encoding="UTF-8"?>
  <record xmlns="http://www.loc.gov/MARC21/slim" type="Authority">
    <leader>00000nz  a2200000oc 4500</leader>
    <controlfield tag="001">130582719</controlfield>
    <controlfield tag="003">DE-101</controlfield>
    <controlfield tag="005">20210106114550.0</controlfield>
    <controlfield tag="008">051201n||aznnnaabn           | aaa    |c</controlfield>
    <datafield tag="024" ind1="7" ind2=" ">
      <subfield code="a">130582719</subfield>
      <subfield code="0">http://d-nb.info/gnd/130582719</subfield>
      <subfield code="2">gnd</subfield>
    </datafield>
    <datafield tag="024" ind1="7" ind2=" ">
      <subfield code="a">42949674</subfield>
      <subfield code="2">viaf</subfield>
    </datafield>
    <datafield tag="035" ind1=" " ind2=" ">
      <subfield code="a">(DE-101)130582719</subfield>
    </datafield>
    <datafield tag="035" ind1=" " ind2=" ">
      <subfield code="a">(DE-588)130582719</subfield>
    </datafield>
    <datafield tag="035" ind1=" " ind2=" ">
      <subfield code="z">(DE-588a)130582719</subfield>
      <subfield code="9">v:zg</subfield>
    </datafield>
    <datafield tag="040" ind1=" " ind2=" ">
      <subfield code="a">DE-3</subfield>
      <subfield code="c">DE-3</subfield>
      <subfield code="9">r:DE-601</subfield>
      <subfield code="b">ger</subfield>
      <subfield code="d">2214</subfield>
    </datafield>
    <datafield tag="042" ind1=" " ind2=" ">
      <subfield code="a">gnd3</subfield>
    </datafield>
    <datafield tag="043" ind1=" " ind2=" ">
      <subfield code="c">XA-DE</subfield>
    </datafield>
    <datafield tag="075" ind1=" " ind2=" ">
      <subfield code="b">p</subfield>
      <subfield code="2">gndgen</subfield>
    </datafield>
    <datafield tag="075" ind1=" " ind2=" ">
      <subfield code="b">piz</subfield>
      <subfield code="2">gndspec</subfield>
    </datafield>
    <datafield tag="079" ind1=" " ind2=" ">
      <subfield code="a">g</subfield>
      <subfield code="q">a</subfield>
      <subfield code="q">f</subfield>
    </datafield>
    <datafield tag="100" ind1="1" ind2=" ">
      <subfield code="a">Stolberg-Gedern, Ludwig Christian &#152;zu&#156;</subfield>
      <subfield code="d">1652-1710</subfield>
    </datafield>
    <datafield tag="375" ind1=" " ind2=" ">
      <subfield code="a">1</subfield>
      <subfield code="2">iso5218</subfield>
    </datafield>
    <datafield tag="400" ind1="1" ind2=" ">
      <subfield code="a">Gedern, Ludwig Christian zu Stolberg-</subfield>
      <subfield code="d">1652-1710</subfield>
    </datafield>
    <datafield tag="400" ind1="1" ind2=" ">
      <subfield code="a">Stollberg, Ludwig Christian &#152;zu&#156;</subfield>
      <subfield code="d">1652-1710</subfield>
    </datafield>
    <datafield tag="400" ind1="1" ind2=" ">
      <subfield code="a">Stollberg, Ludwig Christian &#152;von&#156;</subfield>
      <subfield code="d">1652-1710</subfield>
    </datafield>
    <datafield tag="400" ind1="1" ind2=" ">
      <subfield code="a">Stolberg-Gedern, Ludwig Christian &#152;von&#156;</subfield>
      <subfield code="d">1652-1710</subfield>
    </datafield>
    <datafield tag="400" ind1="1" ind2=" ">
      <subfield code="a">Stolberg-Wernigerode, Ludwig Christian &#152;zu&#156;</subfield>
      <subfield code="d">1652-1710</subfield>
    </datafield>
    <datafield tag="400" ind1="1" ind2=" ">
      <subfield code="a">Stolberg-Wernigerode, Ludwig Christian &#152;von&#156;</subfield>
      <subfield code="d">1652-1710</subfield>
    </datafield>
    <datafield tag="400" ind1="1" ind2=" ">
      <subfield code="a">Stolberg-Königstein-Hohnstein, Ludwig Christian &#152;zu&#156;</subfield>
      <subfield code="d">1652-1710</subfield>
    </datafield>
    <datafield tag="400" ind1="1" ind2=" ">
      <subfield code="a">Stolberg-Königstein-Hohnstein, Ludwig Christian &#152;von&#156;</subfield>
      <subfield code="d">1652-1710</subfield>
    </datafield>
    <datafield tag="400" ind1="1" ind2=" ">
      <subfield code="a">Stolberg-Lohra-Klettenberg, Ludwig Christian &#152;zu&#156;</subfield>
      <subfield code="d">1652-1710</subfield>
    </datafield>
    <datafield tag="400" ind1="1" ind2=" ">
      <subfield code="a">Stolberg-Lohra-Klettenberg, Ludwig Christian &#152;von&#156;</subfield>
      <subfield code="d">1652-1710</subfield>
    </datafield>
    <datafield tag="400" ind1="1" ind2=" ">
      <subfield code="a">Stolberg, Ludwig Christian &#152;zu&#156;</subfield>
      <subfield code="d">1652-1710</subfield>
    </datafield>
    <datafield tag="400" ind1="1" ind2=" ">
      <subfield code="a">Stolberg, Ludwig Christian &#152;von&#156;</subfield>
      <subfield code="d">1652-1710</subfield>
    </datafield>
    <datafield tag="400" ind1="1" ind2=" ">
      <subfield code="a">Stoberg, Louis &#152;de&#156;</subfield>
      <subfield code="d">1652-1710</subfield>
    </datafield>
    <datafield tag="400" ind1="1" ind2=" ">
      <subfield code="a">Щолберг-Гедерн, Лудвиг Христиан</subfield>
      <subfield code="d">1652-1710</subfield>
      <subfield code="9">v:фон</subfield>
    </datafield>
    <datafield tag="400" ind1="1" ind2=" ">
      <subfield code="a">Гедерн, Лудвиг Христиан &#152;фон Щолберг-&#156;</subfield>
      <subfield code="d">1652-1710</subfield>
    </datafield>
    <datafield tag="500" ind1="1" ind2=" ">
      <subfield code="0">(DE-101)130668141</subfield>
      <subfield code="0">(DE-588)130668141</subfield>
      <subfield code="0">https://d-nb.info/gnd/130668141</subfield>
      <subfield code="a">Stolberg-Wernigerode, Heinrich Ernst &#152;zu&#156;</subfield>
      <subfield code="d">1593-1672</subfield>
      <subfield code="4">bezf</subfield>
      <subfield code="4">https://d-nb.info/standards/elementset/gnd#familialRelationship</subfield>
      <subfield code="w">r</subfield>
      <subfield code="i">Beziehung familiaer</subfield>
      <subfield code="e">Beziehung familiaer</subfield>
      <subfield code="9">v:Vater</subfield>
    </datafield>
    <datafield tag="500" ind1="1" ind2=" ">
      <subfield code="0">(DE-101)102004991X</subfield>
      <subfield code="0">(DE-588)102004991X</subfield>
      <subfield code="0">https://d-nb.info/gnd/102004991X</subfield>
      <subfield code="a">Stolberg-Gedern, Friedrich Carl &#152;zu&#156;</subfield>
      <subfield code="d">1693-1767</subfield>
      <subfield code="4">bezf</subfield>
      <subfield code="4">https://d-nb.info/standards/elementset/gnd#familialRelationship</subfield>
      <subfield code="w">r</subfield>
      <subfield code="i">Beziehung familiaer</subfield>
      <subfield code="e">Beziehung familiaer</subfield>
      <subfield code="9">v:Sohn</subfield>
    </datafield>
    <datafield tag="500" ind1="1" ind2=" ">
      <subfield code="0">(DE-101)1020050659</subfield>
      <subfield code="0">(DE-588)1020050659</subfield>
      <subfield code="0">https://d-nb.info/gnd/1020050659</subfield>
      <subfield code="a">Stolberg-Gedern, Luise Henriette &#152;zu&#156;</subfield>
      <subfield code="d">1705-1766</subfield>
      <subfield code="4">bezf</subfield>
      <subfield code="4">https://d-nb.info/standards/elementset/gnd#familialRelationship</subfield>
      <subfield code="w">r</subfield>
      <subfield code="i">Beziehung familiaer</subfield>
      <subfield code="e">Beziehung familiaer</subfield>
      <subfield code="9">v:Schwiegertochter</subfield>
    </datafield>
    <datafield tag="500" ind1="0" ind2=" ">
      <subfield code="0">(DE-101)1082548138</subfield>
      <subfield code="0">(DE-588)1082548138</subfield>
      <subfield code="0">https://d-nb.info/gnd/1082548138</subfield>
      <subfield code="a">Ludwig Christian</subfield>
      <subfield code="c">Stolberg-Gedern, Prinz</subfield>
      <subfield code="d">1720-1770</subfield>
      <subfield code="4">bezf</subfield>
      <subfield code="4">https://d-nb.info/standards/elementset/gnd#familialRelationship</subfield>
      <subfield code="w">r</subfield>
      <subfield code="i">Beziehung familiaer</subfield>
      <subfield code="e">Beziehung familiaer</subfield>
      <subfield code="9">v:Enkel</subfield>
    </datafield>
    <datafield tag="500" ind1="1" ind2=" ">
      <subfield code="0">(DE-101)102465614</subfield>
      <subfield code="0">(DE-588)102465614</subfield>
      <subfield code="0">https://d-nb.info/gnd/102465614</subfield>
      <subfield code="a">Stolberg-Gedern, Christian Karl &#152;zu&#156;</subfield>
      <subfield code="d">1725-1764</subfield>
      <subfield code="4">bezf</subfield>
      <subfield code="4">https://d-nb.info/standards/elementset/gnd#familialRelationship</subfield>
      <subfield code="w">r</subfield>
      <subfield code="i">Beziehung familiaer</subfield>
      <subfield code="e">Beziehung familiaer</subfield>
      <subfield code="9">v:Enkel</subfield>
    </datafield>
    <datafield tag="500" ind1="1" ind2=" ">
      <subfield code="0">(DE-101)115365338</subfield>
      <subfield code="0">(DE-588)115365338</subfield>
      <subfield code="0">https://d-nb.info/gnd/115365338</subfield>
      <subfield code="a">Stolberg, Heinrich August &#152;zu&#156;</subfield>
      <subfield code="d">1697-1748</subfield>
      <subfield code="4">bezf</subfield>
      <subfield code="4">https://d-nb.info/standards/elementset/gnd#familialRelationship</subfield>
      <subfield code="w">r</subfield>
      <subfield code="i">Beziehung familiaer</subfield>
      <subfield code="e">Beziehung familiaer</subfield>
      <subfield code="9">v:Sohn</subfield>
    </datafield>
    <datafield tag="500" ind1="1" ind2=" ">
      <subfield code="0">(DE-101)115373128</subfield>
      <subfield code="0">(DE-588)115373128</subfield>
      <subfield code="0">https://d-nb.info/gnd/115373128</subfield>
      <subfield code="a">Stolberg-Gedern, Christine &#152;zu&#156;</subfield>
      <subfield code="d">1663-1749</subfield>
      <subfield code="4">bezf</subfield>
      <subfield code="4">https://d-nb.info/standards/elementset/gnd#familialRelationship</subfield>
      <subfield code="w">r</subfield>
      <subfield code="i">Beziehung familiaer</subfield>
      <subfield code="e">Beziehung familiaer</subfield>
      <subfield code="9">v:Ehefrau</subfield>
    </datafield>
    <datafield tag="548" ind1=" " ind2=" ">
      <subfield code="a">1652-1710</subfield>
      <subfield code="4">datl</subfield>
      <subfield code="4">https://d-nb.info/standards/elementset/gnd#dateOfBirthAndDeath</subfield>
      <subfield code="w">r</subfield>
      <subfield code="i">Lebensdaten</subfield>
    </datafield>
    <datafield tag="548" ind1=" " ind2=" ">
      <subfield code="a">08.09.1652-27.08.1710</subfield>
      <subfield code="4">datx</subfield>
      <subfield code="4">https://d-nb.info/standards/elementset/gnd#dateOfBirthAndDeath</subfield>
      <subfield code="w">r</subfield>
      <subfield code="i">Exakte Lebensdaten</subfield>
    </datafield>
    <datafield tag="551" ind1=" " ind2=" ">
      <subfield code="0">(DE-101)953046249</subfield>
      <subfield code="0">(DE-588)4490848-9</subfield>
      <subfield code="0">https://d-nb.info/gnd/4490848-9</subfield>
      <subfield code="a">Isenburg</subfield>
      <subfield code="4">ortg</subfield>
      <subfield code="4">https://d-nb.info/standards/elementset/gnd#placeOfBirth</subfield>
      <subfield code="w">r</subfield>
      <subfield code="i">Geburtsort</subfield>
    </datafield>
    <datafield tag="551" ind1=" " ind2=" ">
      <subfield code="0">(DE-101)941350762</subfield>
      <subfield code="0">(DE-588)4341762-0</subfield>
      <subfield code="0">https://d-nb.info/gnd/4341762-0</subfield>
      <subfield code="a">Gedern</subfield>
      <subfield code="4">orts</subfield>
      <subfield code="4">https://d-nb.info/standards/elementset/gnd#placeOfDeath</subfield>
      <subfield code="w">r</subfield>
      <subfield code="i">Sterbeort</subfield>
    </datafield>
    <datafield tag="667" ind1=" " ind2=" ">
      <subfield code="a">VD-17</subfield>
    </datafield>
    <datafield tag="672" ind1=" " ind2="0">
      <subfield code="a">Dietterich, Johann Wolfgang: Christliche Hochzeit-Predigt ... - 1681</subfield>
    </datafield>
    <datafield tag="678" ind1=" " ind2=" ">
      <subfield code="b">heiratet 1680 Sophia Dorothea zu Würtemberg und Teck, 1683 Christine von Mecklenburg-Güstrow</subfield>
    </datafield>
    <datafield tag="913" ind1=" " ind2=" ">
      <subfield code="S">pnd</subfield>
      <subfield code="i">a</subfield>
      <subfield code="a">Stolberg-Gedern, Ludwig Christian /zu</subfield>
      <subfield code="0">(DE-588a)130582719</subfield>
    </datafield>
  </record>
